@book {ST,
AUTHOR = {Silverman, Joseph H. and Tate, John},
TITLE = {Rational points on elliptic curves},
PUBLISHER = {Springer-Verlag},
ADDRESS = {New York},
YEAR = {1992},
PAGES = {x+281},
ISBN = {0-387-97825-9},
MRCLASS = {11-01 (11D25 11G05 14H52)},
MRNUMBER = {93g:11003},
MRREVIEWER = {Andrew Bremner},
}

@book {bix,
AUTHOR = {Bix, Robert},
TITLE = {Conics and cubics},
NOTE = {A concrete introduction to algebraic curves},
PUBLISHER = {Springer-Verlag},
ADDRESS = {New York},
YEAR = {1998},
PAGES = {x+289},
ISBN = {0-387-98401-1},
MRCLASS = {14-01 (14P25 51-01)},
MRNUMBER = {2000c:14001},
MRREVIEWER = {Peter Giblin},
}

@book {fulton,
AUTHOR = {Fulton, William},
TITLE = {Algebraic curves},
NOTE = {An introduction to algebraic geometry,
Notes written with the collaboration of Richard Weiss,
Reprint of 1969 original},
PUBLISHER = {Addison-Wesley Publishing Company Advanced Book Program},
ADDRESS = {Redwood City, CA},
YEAR = {1989},
PAGES = {xxii+226},
ISBN = {0-201-51010-3},
MRCLASS = {14Hxx (14-01)},
MRNUMBER = {90k:14023},
}

@book {gibson,
AUTHOR = {Gibson, C. G.},
TITLE = {Elementary geometry of algebraic curves: an undergraduate
introduction},
PUBLISHER = {Cambridge University Press},
ADDRESS = {Cambridge},
YEAR = {1998},
PAGES = {xvi+250},
ISBN = {0-521-64140-3; 0-521-64641-3},
MRCLASS = {14-01 (14H45 51N35)},
MRNUMBER = {2000a:14002},
MRREVIEWER = {Doru {\c{S}}tef{\u{a}}nescu},
}

@book {kirwan,
AUTHOR = {Kirwan, Frances},
TITLE = {Complex algebraic curves},
PUBLISHER = {Cambridge University Press},
ADDRESS = {Cambridge},
YEAR = {1992},
PAGES = {viii+264},
ISBN = {0-521-41251-X; 0-521-42353-8},
MRCLASS = {14Hxx (14-01)},
MRNUMBER = {93j:14025},
MRREVIEWER = {S. Zdravkovska},
}

@book {walker,
AUTHOR = {Walker, Robert J.},
TITLE = {Algebraic curves},
PUBLISHER = {Dover Publications Inc.},
ADDRESS = {New York},
YEAR = {1962},
PAGES = {x+201},
MRCLASS = {14.00 (14.20)},
MRNUMBER = {26 \#2438},
}
